@inproceedings{osband2013more,
  title={(More) efficient reinforcement learning via posterior sampling},
  author={Osband, Ian and Russo, Daniel and Van Roy, Benjamin},
  booktitle={Advances in Neural Information Processing Systems},
  pages={3003--3011},
  year={2013}
}

@inproceedings{bartlett2009regal,
  title={REGAL: A regularization based algorithm for reinforcement learning in weakly communicating MDPs},
  author={Bartlett, Peter L and Tewari, Ambuj},
  booktitle={Proceedings of the Twenty-Fifth Conference on Uncertainty in Artificial Intelligence},
  pages={35--42},
  year={2009},
  organization={AUAI Press}
}

@book{puterman2014markov,
  title={Markov decision processes: discrete stochastic dynamic programming},
  author={Puterman, Martin L},
  year={2014},
  publisher={John Wiley \& Sons}
}

@article{bubeck2012regret,
  title={Regret analysis of stochastic and nonstochastic multi-armed bandit problems},
  author={Bubeck, S{\'e}bastien and Cesa-Bianchi, Nicolo and others},
  journal={Foundations and Trends{\textregistered} in Machine Learning},
  volume={5},
  number={1},
  pages={1--122},
  year={2012},
  publisher={Now Publishers, Inc.}
}

@inproceedings{auer2007logarithmic,
  title={Logarithmic online regret bounds for undiscounted reinforcement learning},
  author={Auer, Peter and Ortner, Ronald},
  booktitle={Advances in Neural Information Processing Systems},
  pages={49--56},
  year={2007}
}
