@ARTICLE{LSPI,
    author = {Michail G. Lagoudakis and Ronald Parr and L. Bartlett},
    title = {Least-squares policy iteration},
    journal = {Journal of Machine Learning Research},
    year = {2003},
    volume = {4},
    pages = {2003}
}

@book{Sutton,
 author = {Sutton, Richard S. and Barto, Andrew G.},
 title = {Introduction to Reinforcement Learning},
 year = {1998},
 isbn = {0262193981},
 edition = {1st},
 publisher = {MIT Press},
 address = {Cambridge, MA, USA}
} 

@incollection{PSRL, 
    Title = {(More) Efficient Reinforcement Learning via Posterior Sampling}, 
    Url = {http://media.nips.cc/nipsbooks/nipspapers/paper_files/nips26/1366.pdf}, 
    Booktitle = {Advances in Neural Information Processing Systems 26}, 
    Author = {Ian Osband and Dan Russo and Benjamin V. Roy}, 
    Editor = {C.j.c. Burges and L. Bottou and M. Welling and Z. Ghahramani and K.q. Weinberger}, 
    Year = {2013}, 
    Pages = {3003--3011} 
   }
   

@article{UCRL,
 author = {Jaksch, Thomas and Ortner, Ronald and Auer, Peter},
 title = {Near-optimal Regret Bounds for Reinforcement Learning},
 journal = {J. Mach. Learn. Res.},
 issue_date = {3/1/2010},
 volume = {11},
 month = aug,
 year = {2010},
 issn = {1532-4435},
 pages = {1563--1600},
 numpages = {38},
 url = {http://dl.acm.org/citation.cfm?id=1756006.1859902},
 acmid = {1859902},
 publisher = {JMLR.org}
} 

@ONLINE{RLPy,
author = {Alborz Geramifard and Robert H Klein and Christoph Dann and
William Dabney and Jonathan P How},
title = {{RLPy: The Reinforcement Learning Library for Education and Research}},
month = April,
year = {2013},
howpublished = {\url{http://acl.mit.edu/RLPy}},
}